% Questo file contiene i riferimenti bibliografici per il tuo documento.
% Puoi aggiungere voci di libri, articoli, siti web, etc.

Esempio di una voce di libro (commentata):
@book{knuth1984,
  author  = {Donald E. Knuth},
  title   = {The \TeX book},
  publisher = {Addison-Wesley},
  year    = {1984},
  isbn    = {0-201-13448-9},
}

Esempio di una voce di articolo (commentata):
@article{lamport1994,
  author  = {Leslie Lamport},
  title   = {The \LaTeX{} Document Preparation System},
  journal = {Addison-Wesley},
  year    = {1994},
  volume  = {2},
  number  = {1},
  pages   = {100-150},
}

% Esempio di una voce di sito web (commentata):
@online{flutter_docs,
   author  = {Google},
   title   = {Flutter Documentation},
   url     = {https://docs.flutter.dev/},
   year    = {2023},
   urldate = {2023-10-26}, % Data in cui hai consultato la pagina
}